<?xml version="1.0" encoding="UTF-8"?><collection xmlns="http://www.loc.gov/MARC21/slim"><record><leader>00527nam--2200181-i-4500</leader><controlfield tag="001">000031989</controlfield><controlfield tag="002">20161230</controlfield><controlfield tag="005">20161230201038</controlfield><controlfield tag="008">060222s1000------------r-----000-0-fre-d</controlfield><datafield ind1=" " ind2=" " tag="040"><subfield code="a">IFIN-HH</subfield></datafield><datafield ind1=" " ind2=" " tag="041"><subfield code="a">fre</subfield></datafield><datafield ind1=" " ind2=" " tag="080"><subfield code="a">539.1.08(043)</subfield></datafield><datafield ind1="1" ind2=" " tag="100"><subfield code="a">Michel, Terarine</subfield></datafield><datafield ind1="1" ind2="0" tag="245"><subfield code="a">Etude des performances d`un systeme de messure de temps de vol dans l`experience r608</subfield><subfield code="b">These</subfield><subfield code="c">Terarine michel</subfield></datafield><datafield ind1=" " ind2=" " tag="260"><subfield code="a">Orsay</subfield><subfield code="b">Universite De Paris-sud</subfield><subfield code="c">1983</subfield></datafield><datafield ind1=" " ind2=" " tag="300"><subfield code="a">104P.+ FIG</subfield></datafield><datafield ind1=" " ind2=" " tag="852"><subfield code="a">71800</subfield><subfield code="c">539</subfield></datafield><datafield ind1=" " ind2=" " tag="CAT"><subfield code="a">Sys</subfield><subfield code="c">20111013</subfield><subfield code="h">114625</subfield></datafield></record></collection>